%% This BibTeX bibliography file was created using BibDesk.
%% https://bibdesk.sourceforge.io/

%% Created for 宮地雄也 at 2019-01-29 17:04:02 +0900 


%% Saved with string encoding Unicode (UTF-8) 



@article{one1,
	Author = {miyaji},
	Date-Added = {2019-01-29 08:02:10 +0000},
	Date-Modified = {2019-01-29 08:03:50 +0000},
	Number = {20},
	Title = {tester},
	Volume = {1020},
	Year = {1995},
	Bdsk-File-1 = {YnBsaXN0MDDUAQIDBAUGJCVYJHZlcnNpb25YJG9iamVjdHNZJGFyY2hpdmVyVCR0b3ASAAGGoKgHCBMUFRYaIVUkbnVsbNMJCgsMDxJXTlMua2V5c1pOUy5vYmplY3RzViRjbGFzc6INDoACgAOiEBGABIAFgAdccmVsYXRpdmVQYXRoWWFsaWFzRGF0YVDSFwsYGVdOUy5kYXRhTxEBKAAAAAABKAACAAEMTWFjaW50b3NoIEhEAAAAAAAAAAAAAAAAAAAAAAAAAEJEAAH/////BnRoZXNpcwAAAAAAAAAAAAAAAAAAAAAAAAAAAAAAAAAAAAAAAAAAAAAAAAAAAAAAAAAAAAAAAAAAAAAAAAAAAP////8AAAAAAAAAAAAAAAAAAQABAAAKIGN1AAAAAAAAAAAAAAAAAApTb3VyY2VUcmVlAAIAHy86VXNlcnM6eXV5YTpTb3VyY2VUcmVlOnRoZXNpcy8AAA4ADgAGAHQAaABlAHMAaQBzAA8AGgAMAE0AYQBjAGkAbgB0AG8AcwBoACAASABEABIAHFVzZXJzL3l1eWEvU291cmNlVHJlZS90aGVzaXMAEwABLwAAFQACAAv//wAAgAbSGxwdHlokY2xhc3NuYW1lWCRjbGFzc2VzXU5TTXV0YWJsZURhdGGjHR8gVk5TRGF0YVhOU09iamVjdNIbHCIjXE5TRGljdGlvbmFyeaIiIF8QD05TS2V5ZWRBcmNoaXZlctEmJ1Ryb290gAEACAARABoAIwAtADIANwBAAEYATQBVAGAAZwBqAGwAbgBxAHMAdQB3AIQAjgCPAJQAnAHIAcoBzwHaAeMB8QH1AfwCBQIKAhcCGgIsAi8CNAAAAAAAAAIBAAAAAAAAACgAAAAAAAAAAAAAAAAAAAI2}}
