%% This BibTeX bibliography file was created using BibDesk.
%% https://bibdesk.sourceforge.io/

%% Created for 宮地雄也 at 2019-01-30 10:12:37 +0900 


%% Saved with string encoding Unicode (UTF-8) 



@url{result_zennkoku_test,
	Author = {国立教育政策研究所},
	Date-Added = {2019-01-30 01:09:25 +0000},
	Date-Modified = {2019-01-30 01:12:32 +0000},
	Keywords = {thesis},
	Title = {全国学力・学習状況調査},
	Urldate = {http://www.nier.go.jp/kaihatsu/setsumeikai/}}

@book{ZeroDeep,
	Author = {斎藤康毅},
	Date-Added = {2019-01-30 00:57:35 +0000},
	Date-Modified = {2019-01-30 01:06:44 +0000},
	Keywords = {thesis},
	Publisher = {O.REILLY},
	Title = {ゼロから作るDeepLearning 2 自然言語処理編},
	Year = {2018}}

@article{benesse_DateBook,
	Author = {ベネッセ教育総合研究所},
	Date-Added = {2019-01-29 09:01:21 +0000},
	Date-Modified = {2019-01-30 01:07:05 +0000},
	Keywords = {thesis},
	Title = {第６回学習指導基本調査 DATA BOOK（高校版） [2016年]},
	Year = {2016}}
