%% This BibTeX bibliography file was created using BibDesk.
%% https://bibdesk.sourceforge.io/

%% Created for 宮地雄也 at 2019-01-30 10:12:37 +0900


%% Saved with string encoding Unicode (UTF-8)



@url{result_zennkoku_test,
	author = {国立教育政策研究所},
	keywords = {thesis},
	title = {全国学力・学習状況調査},
	urldate = {http://www.nier.go.jp/kaihatsu/setsumeikai/}}

@book{ZeroDeep,
	author = {斎藤康毅},
	keywords = {thesis},
	publisher = {O.REILLY},
	title = {ゼロから作るDeepLearning 2 自然言語処理編},
	year = {2018}}

@book{benesse_DateBook,
	author = {ベネッセ教育総合研究所},
	keywords = {thesis},
	title = {第６回学習指導基本調査 DATA BOOK（高校版) },
	year = {2016}
	}

	@misc{SkipCBOW,
	Author = {Tomas Mikolov and Kai Chen and Greg Corrado and Jeffrey Dean},
	Title = {Efficient Estimation of Word Representations in Vector Space},
	Year = {2013},
	Eprint = {arXiv:1301.3781},
	}
